<?xml version="1.0" encoding="UTF-8"?><collection xmlns="http://www.loc.gov/MARC21/slim"><record><leader>00490nam--2200181-i-4500</leader><controlfield tag="001">000037818</controlfield><controlfield tag="002">20161230</controlfield><controlfield tag="005">20161230201041</controlfield><controlfield tag="008">060222s1000------------r-----000-0-fre-d</controlfield><datafield ind1=" " ind2=" " tag="040"><subfield code="a">IFIN-HH</subfield></datafield><datafield ind1=" " ind2=" " tag="041"><subfield code="a">fre</subfield></datafield><datafield ind1=" " ind2=" " tag="080"><subfield code="a">538.91(043)</subfield></datafield><datafield ind1="1" ind2=" " tag="100"><subfield code="a">Ranchoux, Robert</subfield></datafield><datafield ind1="1" ind2="0" tag="245"><subfield code="a">Contribution a la mesure du champ electrique superficiel des solides</subfield><subfield code="b">These</subfield><subfield code="c">Robert ranchoux</subfield></datafield><datafield ind1=" " ind2=" " tag="260"><subfield code="a">Lille</subfield><subfield code="b">Universite</subfield><subfield code="c">1969</subfield></datafield><datafield ind1=" " ind2=" " tag="300"><subfield code="a">29P</subfield></datafield><datafield ind1=" " ind2=" " tag="852"><subfield code="a">76963</subfield><subfield code="c">539.2</subfield></datafield><datafield ind1=" " ind2=" " tag="CAT"><subfield code="a">Sys</subfield><subfield code="c">20121127</subfield><subfield code="h">122206</subfield></datafield></record></collection>